<record><leader>00000cas a2200000 a 4500</leader><controlfield tag="001">6034777</controlfield><controlfield tag="008">800229d19681972aru x ne      0    0eng d</controlfield><datafield ind1=" " ind2=" " tag="010"><subfield code="a">sn 89051261 </subfield></datafield><datafield ind1=" " ind2=" " tag="040"><subfield code="a">AFU</subfield><subfield code="b">eng</subfield><subfield code="c">AFU</subfield><subfield code="d">ANU</subfield><subfield code="d">OCL</subfield><subfield code="d">OCLCQ</subfield><subfield code="d">OCLCO</subfield></datafield><datafield ind1="1" ind2=" " tag="029"><subfield code="a">AU@</subfield><subfield code="b">000020560974</subfield></datafield><datafield ind1=" " ind2=" " tag="042"><subfield code="a">msc</subfield></datafield><datafield ind1="0" ind2="4" tag="245"><subfield code="a">The Pea pickers picayune.</subfield></datafield><datafield ind1=" " ind2=" " tag="260"><subfield code="a">Grady, Ark. :</subfield><subfield code="b">Arkansas Dept. of Correction</subfield></datafield><datafield ind1=" " ind2=" " tag="300"><subfield code="a">volumes</subfield></datafield><datafield ind1=" " ind2=" " tag="310"><subfield code="a">Irregular</subfield></datafield><datafield ind1=" " ind2=" " tag="336"><subfield code="a">text</subfield><subfield code="b">txt</subfield><subfield code="2">rdacontent</subfield></datafield><datafield ind1=" " ind2=" " tag="337"><subfield code="a">unmediated</subfield><subfield code="b">n</subfield><subfield code="2">rdamedia</subfield></datafield><datafield ind1=" " ind2=" " tag="338"><subfield code="a">volume</subfield><subfield code="b">nc</subfield><subfield code="2">rdacarrier</subfield></datafield><datafield ind1="0" ind2=" " tag="362"><subfield code="a">Vol. 1, no. 16 (July 27, 1968)-</subfield></datafield><datafield ind1="1" ind2=" " tag="362"><subfield code="a">Ceased in 1972?</subfield></datafield><datafield ind1=" " ind2=" " tag="500"><subfield code="a">Title varies slightly.</subfield></datafield><datafield ind1=" " ind2=" " tag="550"><subfield code="a">Published and sponsored by inmates of the Arkansas Dept. of Correction.</subfield></datafield><datafield ind1=" " ind2=" " tag="580"><subfield code="a">Continued by a periodical called: Cummins journal.</subfield></datafield><datafield ind1=" " ind2="4" tag="651"><subfield code="a">Grady (Ark.)</subfield><subfield code="v">Newspapers.</subfield></datafield><datafield ind1="1" ind2=" " tag="710"><subfield code="a">Arkansas.</subfield><subfield code="b">Department of Correction.</subfield></datafield><datafield ind1=" " ind2=" " tag="752"><subfield code="a">United States</subfield><subfield code="b">Arkansas</subfield><subfield code="c">Lincoln</subfield><subfield code="d">Grady.</subfield></datafield><datafield ind1="0" ind2="0" tag="780"><subfield code="t">Prison views</subfield><subfield code="w">(DLC)sn 89051255</subfield></datafield><datafield ind1="1" ind2="0" tag="785"><subfield code="t">Cummins journal</subfield><subfield code="w">(OCoLC)5373867</subfield></datafield></record>